@online{Baker.etal2025,
  title = {Difference-in-Differences Designs: A Practitioner's Guide},
  shorttitle = {Difference-in-Differences Designs},
  author = {Baker, Andrew and Callaway, Brantly and Cunningham, Scott and Goodman-Bacon, Andrew and Sant'Anna, Pedro H. C.},
  date = {2025-06-17},
  eprint = {2503.13323},
  eprinttype = {arXiv},
  eprintclass = {econ},
  doi = {10.48550/arXiv.2503.13323},
  langid = {english},
  pubstate = {prepublished}
}

@article{baker2022,
  title = {How Much Should We Trust Staggered Difference-in-Differences Estimates?},
  author = {Baker, Andrew C. and Larcker, David F. and Wang, Charles C. Y.},
  date = {2022-05-01},
  journaltitle = {Journal of Financial Economics},
  shortjournal = {Journal of Financial Economics},
  volume = {144},
  number = {2},
  pages = {370--395},
  issn = {0304-405X},
  doi = {10.1016/j.jfineco.2022.01.004},
  issue = {2},
  langid = {english}
}

@online{baker2025,
  title = {Difference-in-Differences Designs: A Practitioner's Guide},
  shorttitle = {Difference-in-Differences Designs},
  author = {Baker, Andrew and Callaway, Brantly and Cunningham, Scott and Goodman-Bacon, Andrew and Sant'Anna, Pedro H. C.},
  date = {2025-06-17},
  eprint = {2503.13323},
  eprinttype = {arXiv},
  eprintclass = {econ},
  doi = {10.48550/arXiv.2503.13323},
  issue = {arXiv:2503.13323},
  langid = {english},
  pubstate = {prepublished}
}

@online{borusyak2024,
  title = {Revisiting Event Study Designs: Robust and Efficient Estimation},
  shorttitle = {Revisiting Event Study Designs},
  author = {Borusyak, Kirill and Jaravel, Xavier and Spiess, Jann},
  date = {2024-01-16},
  eprint = {2108.12419},
  eprinttype = {arXiv},
  eprintclass = {econ},
  doi = {10.48550/arXiv.2108.12419},
  issue = {arXiv:2108.12419},
  langid = {english},
  pubstate = {prepublished}
}

@online{caetano2024,
  title = {Difference-in-Differences When Parallel Trends Holds Conditional on Covariates},
  author = {Caetano, Carolina and Callaway, Brantly},
  date = {2024-09-10},
  eprint = {2406.15288},
  eprinttype = {arXiv},
  eprintclass = {econ},
  doi = {10.48550/arXiv.2406.15288},
  issue = {arXiv:2406.15288},
  langid = {english},
  pubstate = {prepublished}
}

@article{callaway2021,
  title = {Difference-in-Differences with Multiple Time Periods},
  author = {Callaway, Brantly and Sant’Anna, Pedro H. C.},
  date = {2021-12-01},
  journaltitle = {Journal of Econometrics},
  shortjournal = {J. Econometrics},
  series = {Themed {{Issue}}: {{Treatment Effect}} 1},
  volume = {225},
  number = {2},
  pages = {200--230},
  issn = {0304-4076},
  doi = {10.1016/j.jeconom.2020.12.001},
  issue = {2},
  langid = {english}
}

@online{chen2025,
  title = {Efficient Difference-in-Differences and Event Study Estimators},
  author = {Chen, Xiaohong and Sant'Anna, Pedro H. C. and Xie, Haitian},
  date = {2025-06-21},
  eprint = {2506.17729},
  eprinttype = {arXiv},
  eprintclass = {econ},
  doi = {10.48550/arXiv.2506.17729},
  issue = {arXiv:2506.17729},
  langid = {english},
  pubstate = {prepublished}
}

@article{dechaisemartin2020,
  title = {Two-Way Fixed Effects Estimators with Heterogeneous Treatment Effects},
  author = {family=Chaisemartin, given=Clément, prefix=de, useprefix=true and D'Haultfœuille, Xavier},
  date = {2020-09},
  journaltitle = {American Economic Review},
  shortjournal = {Am. Econ. Rev.},
  volume = {110},
  number = {9},
  pages = {2964--2996},
  issn = {0002-8282},
  doi = {10.1257/aer.20181169},
  issue = {9},
  langid = {english}
}

@article{dechaisemartin2023,
  title = {Two-Way Fixed Effects and Differences-in-Differences with Heterogeneous Treatment Effects: A Survey},
  shorttitle = {Two-Way Fixed Effects and Differences-in-Differences with Heterogeneous Treatment Effects},
  author = {{de~Chaisemartin}, Clément and D’Haultfœuille, Xavier},
  date = {2023-09-01},
  journaltitle = {The Econometrics Journal},
  shortjournal = {The Econometrics Journal},
  volume = {26},
  number = {3},
  pages = {C1-C30},
  issn = {1368-4221},
  doi = {10.1093/ectj/utac017},
  issue = {3},
  langid = {english}
}

@online{dette2023,
  title = {Testing for Equivalence of Pre-Trends in Difference-in-Differences Estimation},
  author = {Dette, Holger and Schumann, Martin},
  date = {2023-10-24},
  eprint = {2310.15796},
  eprinttype = {arXiv},
  eprintclass = {econ},
  doi = {10.48550/arXiv.2310.15796},
  issue = {arXiv:2310.15796},
  langid = {english},
  pubstate = {prepublished}
}

@online{freyaldenhoven2021,
  type = {Working Paper},
  title = {Visualization, Identification, and Estimation in the Linear Panel Event-Study Design},
  author = {Freyaldenhoven, Simon and Hansen, Christian and Pérez Pérez, Jorge and Shapiro, Jesse M.},
  date = {2021-08},
  series = {Working {{Paper Series}}},
  number = {29170},
  eprint = {29170},
  eprinttype = {National Bureau of Economic Research},
  doi = {10.3386/w29170},
  issue = {29170},
  langid = {english},
  pubstate = {prepublished}
}

@online{ghanem2025,
  title = {Selection and Parallel Trends},
  author = {Ghanem, Dalia and Sant'Anna, Pedro H. C. and Wüthrich, Kaspar},
  date = {2025-05-30},
  eprint = {2203.09001},
  eprinttype = {arXiv},
  eprintclass = {econ},
  doi = {10.48550/arXiv.2203.09001},
  issue = {arXiv:2203.09001},
  langid = {english},
  pubstate = {prepublished}
}

@article{goodman-bacon2021,
  title = {Difference-in-Differences with Variation in Treatment Timing},
  author = {Goodman-Bacon, Andrew},
  date = {2021-12-01},
  journaltitle = {Journal of Econometrics},
  shortjournal = {J. Econometrics},
  series = {Themed {{Issue}}: {{Treatment Effect}} 1},
  volume = {225},
  number = {2},
  pages = {254--277},
  issn = {0304-4076},
  doi = {10.1016/j.jeconom.2021.03.014},
  issue = {2},
  langid = {english}
}

@article{liu2024,
  title = {A Practical Guide to Counterfactual Estimators for Causal Inference with Time-Series Cross-Sectional Data},
  author = {Liu, Licheng and Wang, Ye and Xu, Yiqing},
  date = {2024},
  journaltitle = {American Journal of Political Science},
  shortjournal = {American Journal of Political Science},
  volume = {68},
  number = {1},
  pages = {160--176},
  issn = {1540-5907},
  doi = {10.1111/ajps.12723},
  issue = {1},
  langid = {english}
}

@online{marx2023,
  title = {Parallel Trends and Dynamic Choices},
  author = {Marx, Philip and Tamer, Elie and Tang, Xun},
  date = {2023-08-08},
  eprint = {2207.06564},
  eprinttype = {arXiv},
  eprintclass = {econ},
  doi = {10.48550/arXiv.2207.06564},
  issue = {arXiv:2207.06564},
  langid = {english},
  pubstate = {prepublished}
}

@article{montielolea2019,
  title = {Simultaneous Confidence Bands: Theory, Implementation, and an Application to {{SVARs}}},
  shorttitle = {Simultaneous Confidence Bands},
  author = {Montiel Olea, José Luis and Plagborg-Møller, Mikkel},
  date = {2019},
  journaltitle = {Journal of Applied Econometrics},
  shortjournal = {J. Appl. Econometrics},
  volume = {34},
  number = {1},
  pages = {1--17},
  issn = {1099-1255},
  doi = {10.1002/jae.2656},
  issue = {1},
  langid = {english}
}

@article{rambachan2023,
  title = {A More Credible Approach to Parallel Trends},
  author = {Rambachan, Ashesh and Roth, Jonathan},
  date = {2023-10-01},
  journaltitle = {Review of Economic Studies},
  shortjournal = {Rev. Econom. Stud.},
  volume = {90},
  number = {5},
  pages = {2555--2591},
  issn = {0034-6527},
  doi = {10.1093/restud/rdad018},
  issue = {5},
  langid = {english}
}

@article{roth2022,
  title = {Pretest with Caution: Event-Study Estimates after Testing for Parallel Trends},
  shorttitle = {Pretest with Caution},
  author = {Roth, Jonathan},
  date = {2022-09},
  journaltitle = {American Economic Review: Insights},
  shortjournal = {American Economic Review: Insights},
  volume = {4},
  number = {3},
  pages = {305--322},
  issn = {2640-205X},
  doi = {10.1257/aeri.20210236},
  issue = {3},
  langid = {english}
}

@online{roth2022a,
  title = {When Is Parallel Trends Sensitive to Functional Form?},
  author = {Roth, Jonathan and Sant'Anna, Pedro H. C.},
  date = {2022-09-19},
  eprint = {2010.04814},
  eprinttype = {arXiv},
  eprintclass = {econ},
  doi = {10.48550/arXiv.2010.04814},
  issue = {arXiv:2010.04814},
  langid = {english},
  pubstate = {prepublished}
}

@online{roth2023,
  title = {Efficient Estimation for Staggered Rollout Designs},
  author = {Roth, Jonathan and Sant'Anna, Pedro H. C.},
  date = {2023-05-16},
  eprint = {2102.01291},
  eprinttype = {arXiv},
  eprintclass = {econ},
  doi = {10.48550/arXiv.2102.01291},
  issue = {arXiv:2102.01291},
  langid = {english},
  pubstate = {prepublished}
}

@article{sun2021,
  title = {Estimating Dynamic Treatment Effects in Event Studies with Heterogeneous Treatment Effects},
  author = {Sun, Liyang and Abraham, Sarah},
  date = {2021-12-01},
  journaltitle = {Journal of Econometrics},
  shortjournal = {J. Econometrics},
  series = {Themed {{Issue}}: {{Treatment Effect}} 1},
  volume = {225},
  number = {2},
  pages = {175--199},
  issn = {0304-4076},
  doi = {10.1016/j.jeconom.2020.09.006},
  issue = {2},
  langid = {english}
}

@online{wooldridge2021,
  type = {SSRN Scholarly Paper},
  title = {Two-Way Fixed Effects, the Two-Way Mundlak Regression, and Difference-in-Differences Estimators},
  author = {Wooldridge, Jeffrey M.},
  date = {2021-08-17},
  number = {3906345},
  eprint = {3906345},
  eprinttype = {Social Science Research Network},
  location = {Rochester, NY},
  doi = {10.2139/ssrn.3906345},
  issue = {3906345},
  langid = {english},
  pubstate = {prepublished}
}
